**Lloyds Bank**
Your Partner for Life
Branch: 33 Corn Street, Bristol, BS1 1HT
www.lloydsbank.com

**Bank Statement**

**Account Holder:** Mr. Thomas Baker
**Address:** 27 Park Row, Bristol, BS1 5LS
**Account Number:** 12-34-56-12345678
**Sort Code:** 12-34-56
**Statement Period:** 01 May 2025 - 31 May 2025
**Statement Date:** 31 May 2025

**Opening Balance (01 May 2025): £3,638.60**

----------------------------------------------------------------------------------------------------
| Date       | Description                                  | Debit (£)   | Credit (£)  | Balance (£)   |
|------------|----------------------------------------------|-------------|-------------|---------------|
| 03 May 2025| Card Payment - JetBrains Subscription        | 35.00       |             | 3,603.60      |
| 06 May 2025| Faster Payment In - Freelance Client B       |             | 400.00      | 4,003.60      |
| 10 May 2025| Standing Order - Savings Account (Ref: Deposit)| 200.00      |             | 3,803.60      |
| 14 May 2025| Card Payment - StackOverflow Dev Swag        | 20.00       |             | 3,783.60      |
| 19 May 2025| Faster Payment In - Freelance Client D       |             | 650.00      | 4,433.60      |
| 23 May 2025| Card Payment - Udemy Course Purchase         | 15.99       |             | 4,417.61      |
| 28 May 2025| Transfer to Moneypenny Acct 787878787        | 500.00      |             | 3,917.61      |
| 30 May 2025| Interest Paid                                |             | 3.25        | 3,920.86      |
----------------------------------------------------------------------------------------------------

**Closing Balance (31 May 2025): £3,920.86**

Thank you for banking with Lloyds Bank.
For queries or assistance, please call 0345 300 0000 or visit your local branch.
