**Moneypenny Bank PLC**
Your Trusted Financial Partner
Branch: 1 City Square, London, EC2R 6AP
www.moneypennybank.co.uk

**Bank Statement**

**Account Holder:** Ms. Olivia King
**Address:** 11 King's Way, London, WC2B 6LH
**Account Number:** 10-10-10-101010101
**Sort Code:** 10-10-10
**Statement Period:** 01 April 2025 - 30 April 2025
**Statement Date:** 30 April 2025

**Opening Balance (01 April 2025): £6,295.82**

----------------------------------------------------------------------------------------------------
| Date       | Description                                  | Debit (£)   | Credit (£)  | Balance (£)   |
|------------|----------------------------------------------|-------------|-------------|---------------|
| 01 Apr 2025| Mortgage Payment - SecureHome Lenders        | 1,200.00    |             | 5,095.82      |
| 02 Apr 2025| Direct Debit - Sparkle Energy                | 78.20       |             | 5,017.62      |
| 04 Apr 2025| Card Payment - Waitrose, Bloomsbury          | 92.50       |             | 4,925.12      |
| 06 Apr 2025| Card Payment - ASOS.com                      | 65.00       |             | 4,860.12      |
| 07 Apr 2025| Direct Debit - Thames Water                  | 35.00       |             | 4,825.12      |
| 09 Apr 2025| Card Payment - Starbucks, Tottenham Court Rd | 6.50        |             | 4,818.62      |
| 11 Apr 2025| Card Payment - John Lewis, Oxford Street     | 150.75      |             | 4,667.87      |
| 14 Apr 2025| Faster Payment - Holiday Booking Co.         | 300.00      |             | 4,367.87      |
| 16 Apr 2025| Card Payment - Marks & Spencer Food          | 42.30       |             | 4,325.57      |
| 19 Apr 2025| Card Payment - Odeon Cinema, Covent Garden   | 28.00       |             | 4,297.57      |
| 20 Apr 2025| Direct Debit - MobileWorld Contract          | 40.00       |             | 4,257.57      |
| 23 Apr 2025| Card Payment - Ocado Online Groceries        | 115.60      |             | 4,141.97      |
| 26 Apr 2025| Card Payment - Theatre Royal Drury Lane      | 88.00       |             | 4,053.97      |
| 28 Apr 2025| BACS Credit - Global Corp Ltd SALARY         |             | 3,025.00    | 7,078.97      |
| 29 Apr 2025| Card Payment - Trainline.com                 | 55.40       |             | 7,023.57      |
| 30 Apr 2025| Card Payment - Local Pub, Soho               | 35.00       |             | 6,988.57      |
----------------------------------------------------------------------------------------------------

**Closing Balance (30 April 2025): £6,988.57**

Thank you for banking with Moneypenny Bank.
For queries or assistance, please call 0345 600 700 or visit your local branch.
