**Moneypenny Bank PLC**
Your Trusted Financial Partner
Branch: 1 City Square, London, EC2R 6AP
www.moneypennybank.co.uk

**Bank Statement**

**Account Holder:** Ms. Olivia King
**Address:** 11 King's Way, London, WC2B 6LH
**Account Number:** 10-10-10-101010101
**Sort Code:** 10-10-10
**Statement Period:** 01 March 2025 - 31 March 2025
**Statement Date:** 31 March 2025

**Opening Balance (01 March 2025): £5,250.75**

----------------------------------------------------------------------------------------------------
| Date       | Description                                  | Debit (£)   | Credit (£)  | Balance (£)   |
|------------|----------------------------------------------|-------------|-------------|---------------|
| 01 Mar 2025| Mortgage Payment - SecureHome Lenders        | 1,200.00    |             | 4,050.75      |
| 02 Mar 2025| Direct Debit - Sparkle Energy                | 75.50       |             | 3,975.25      |
| 03 Mar 2025| Card Payment - Tesco Superstore, Covent Garden| 85.30       |             | 3,889.95      |
| 05 Mar 2025| Card Payment - Amazon.co.uk                  | 45.99       |             | 3,843.96      |
| 07 Mar 2025| Direct Debit - Thames Water                  | 35.00       |             | 3,808.96      |
| 08 Mar 2025| Card Payment - Pret A Manger, Strand         | 7.80        |             | 3,801.16      |
| 10 Mar 2025| Card Payment - Boots, Holborn                | 22.15       |             | 3,779.01      |
| 12 Mar 2025| Faster Payment - J. Smith (Ref: Birthday)    | 50.00       |             | 3,729.01      |
| 15 Mar 2025| Card Payment - Zara, Oxford Street           | 110.00      |             | 3,619.01      |
| 18 Mar 2025| Card Payment - Cineworld Leicester Square    | 30.50       |             | 3,588.51      |
| 20 Mar 2025| Direct Debit - MobileWorld Contract          | 40.00       |             | 3,548.51      |
| 22 Mar 2025| Card Payment - Sainsbury's Local             | 33.70       |             | 3,514.81      |
| 25 Mar 2025| Card Payment - The Ivy, West Street          | 125.00      |             | 3,389.81      |
| 28 Mar 2025| BACS Credit - Global Corp Ltd SALARY         |             | 3,025.00    | 6,414.81      |
| 29 Mar 2025| ATM Withdrawal - Moneypenny ATM, Holborn     | 100.00      |             | 6,314.81      |
| 30 Mar 2025| Card Payment - Waterstones, Gower Street     | 18.99       |             | 6,295.82      |
----------------------------------------------------------------------------------------------------

**Closing Balance (31 March 2025): £6,295.82**

Thank you for banking with Moneypenny Bank.
For queries or assistance, please call 0345 600 700 or visit your local branch.
